@misc{desmos,
 title={Desmos},
 howpublished = {URL: {\color{cyan}https://www.desmos.com/calculator/}}
}